% ------------------------------------------------------------------------
% SAMPLE BIBLIOGRAPHY FILE
% ------------------------------------------------------------------------
@misc{cve-2008-1368,
  key =          {CVE-2008-1368},
  title =        {Publication quality tables in \LaTeX*},
  howpublished = {},
  institution  = {NIST},
  day =       17,
  month =     {March},
  year =         2008,
  note =         {[online] \url{http://nvd.nist.gov/nvd.cfm?cvename=CVE-2008-1368}},
  url = {http://nvd.nist.gov/nvd.cfm?cvename=CVE-2008-1368}
}

@MISC{prime-number-theorem,
   author = "Charles Louis Xavier Joseph de la Vall{\'e}e Poussin",
   note = "A strong form of the prime number theorem, 19th century" }

% ------------------------------------------------------------------------

@BOOK{texbook,
   author = "Donald E. Knuth",
   title= "The {{\TeX}book}",
   publisher = "Addison-Wesley",
   year = 1984 }

@BOOK{latex,
   author = "Leslie Lamport",
   title = "{\LaTeX:} {A} Document Preparation System",
   publisher = "Addison-Wesley",
   year = 1986 }

% ------------------------------------------------------------------------
@article{Ancey1996,
author = {Ancey, Christophe and Coussot, Philippe and Evesque, Pierre},
journal = {Mechanics of Cohesive-frictional Materials},
number = {4},
pages = {385--403},
title = {Examination of the possibility of a fluid-mechanics treatment of dense granular flows},
url = {http://doi.wiley.com/10.1002/(SICI)1099-1484(199610)1:4<385::AID-CFM20>3.0.CO;2-0},
volume = {1},
year = {1996}
}

@BOOK{RR73,
 author={H. Radjavi and P. Rosenthal},
 title={Invariant {Subspaces}},
 publisher={Springer-Verlag},
 address={New York},
 year={1973},
}

% ------------------------------------------------------------------------

@ARTICLE{Rea85,
 author={C. J. Read},
 title={A solution to the invariant subspace problem on the space $l_1$},
 journal={Bull. London Math. Soc.},
 volume={17},
 year={1985},
 pages={305-317},
}

% --------------------------------------------------------------------------

@ARTICLE{Rad87,
 author={H. Radjavi},
 title={The {Engel}-{Jacobson} {Theorem} {Revisited}},
 journal={J. Alg.},
 volume={111},
 year={1987},
 pages={427-430},
}

% ------------------------------------------------------------------------

@MASTERSTHESIS{Sim90,
 author={A. Simoni\v{c}},
 title={Grupe Operatorjev s Pozitivnim Spektrom},
 school={Univerza v Ljubljani, FNT, Oddelek za Matematiko},
 year={1990},
}

@UNPUBLISHED{Sim91,
 author={A. Simoni\v{c}},
 title={Notes on {Subharmonic} {Functions}},
 note={Lecture Notes, Dalhousie University,
       Department of Mathematics, Statistics, \& Computing Science},
 year={1991},
}

@ARTICLE{Sim92,
 author={A. Simoni\v{c}},
 title={Matrix {Groups} with {Positive} {Spectra}},
 journal={Linear Algebra Appl.},
 volume={173},
 year={1992},
 pages={57-76},
}

@PHDTHESIS{Sim94,
 author={A. Simoni\v{c}},
 title={An {Extension} of {Lomonosov's} {Techniques} to {Non}-{Compact}
       {Operators}},
 school={Dalhousie University,
         Department of Mathematics, Statistics, \& Computing Science},
 year={1994},
}

@ARTICLE{Sim96a,
 author={A. Simoni\v{c}},
 title={A {Construction} of {Lomonosov} {Functions} and
       {Applications} to the {Invariant} {Subspace} {Problem}},
 journal={Pacific J. Math.},
 volume={175},
 pages={257-270},
 year={1996},
}

@ARTICLE{Sim96b,
 author={A. Simoni\v{c}},
 title={An extension of {Lomonosov's} {Techniques} to non-compact
       {Operators}},
 journal={Trans. Amer. Math. Soc.},
 volume={348},
 pages={975-995},
 year={1996},
}

@inproceedings{dal2015credit,
  title={Credit card fraud detection and concept-drift adaptation with delayed supervised information},
  author={Dal Pozzolo, Andrea and Boracchi, Giacomo and Caelen, Olivier and Alippi, Cesare and Bontempi, Gianluca},
  booktitle={Neural Networks (IJCNN), 2015 International Joint Conference on},
  pages={1--8},
  year={2015},
  organization={IEEE}
}

@article{bahnsen2016feature,
  title={Feature engineering strategies for credit card fraud detection},
  author={Bahnsen, Alejandro Correa and Aouada, Djamila and Stojanovic, Aleksandar and Ottersten, Bj{\"o}rn},
  journal={Expert Systems With Applications},
  volume={51},
  pages={134--142},
  year={2016},
  publisher={Elsevier}
}

@article{van2016gotcha,
  title={Gotcha! Network-based fraud detection for social security fraud},
  author={Van Vlasselaer, V{\'e}ronique and Eliassi-Rad, Tina and Akoglu, Leman and Snoeck, Monique and Baesens, Bart},
  journal={Management Science},
  year={2016},
  publisher={INFORMS}
}

@article{van2015apate,
  title={APATE: A novel approach for automated credit card transaction fraud detection using network-based extensions},
  author={Van Vlasselaer, V{\'e}ronique and Bravo, Cristi{\'a}n and Caelen, Olivier and Eliassi-Rad, Tina and Akoglu, Leman and Snoeck, Monique and Baesens, Bart},
  journal={Decision Support Systems},
  volume={75},
  pages={38--48},
  year={2015},
  publisher={Elsevier}
}

@inproceedings{zadrozny2001learning,
  title={Learning and making decisions when costs and probabilities are both unknown},
  author={Zadrozny, Bianca and Elkan, Charles},
  booktitle={Proceedings of the seventh ACM SIGKDD international conference on Knowledge discovery and data mining},
  pages={204--213},
  year={2001},
  organization={ACM}
}

@inproceedings{zadrozny2004learning,
  title={Learning and evaluating classifiers under sample selection bias},
  author={Zadrozny, Bianca},
  booktitle={Proceedings of the twenty-first international conference on Machine learning},
  pages={114},
  year={2004},
  organization={ACM}
}

@online{criminal380,
  author = {The Minister and Attorney General},
  title = {Criminal Code (R.S.C., 1985, c. C-46)},
  year = 1985,
  url = {http://laws-lois.justice.gc.ca/eng/acts/C-46/section-380.html},
  urldate = {2017-10-07}
}

@online{lexisnexis2014,
  author = {Lexis Nexis},
  title = {True cost of fraud 2014 study},
  year = 2014,
  url = {https://www.lexisnexis.com/risk/downloads/assets/true-cost-fraud-2014.pdf},
  urldate = {2014-08-01}
}

@online{lexisnexis2016,
  author = {Lexis Nexis},
  title = {True cost of fraud 2016 study},
  year = 2016,
  url = {https://www.lexisnexis.com/risk/downloads/assets/true-cost-fraud-2016.pdf},
  urldate = {2016-05-01}
}

@article{chawla2004special,
  title={Special issue on learning from imbalanced data sets},
  author={Chawla, Nitesh V and Japkowicz, Nathalie and Kotcz, Aleksander},
  journal={ACM Sigkdd Explorations Newsletter},
  volume={6},
  number={1},
  pages={1--6},
  year={2004},
  publisher={ACM}
}

@inproceedings{klement2009cost,
  title={Cost-Based Sampling of Individual Instances},
  author={Klement, William and Flach, Peter and Japkowicz, Nathalie and Matwin, Stan},
  booktitle={Canadian Conference on Artificial Intelligence},
  pages={86--97},
  year={2009},
  organization={Springer}
}

@article{rokach2005top,
  title={Top-down induction of decision trees classifiers-a survey},
  author={Rokach, Lior and Maimon, Oded},
  journal={IEEE Transactions on Systems, Man, and Cybernetics, Part C (Applications and Reviews)},
  volume={35},
  number={4},
  pages={476--487},
  year={2005},
  publisher={IEEE}
}

@book{hosmer2013applied,
  title={Applied logistic regression},
  author={Hosmer Jr, David W and Lemeshow, Stanley and Sturdivant, Rodney X},
  volume={398},
  year={2013},
  publisher={John Wiley \& Sons}
}

@article{delamaire2009credit,
  title={Credit card fraud and detection techniques: a review},
  author={Delamaire, Linda and Abdou, Hussein and Pointon, John},
  journal={Banks and Bank systems},
  volume={4},
  number={2},
  pages={57--68},
  year={2009},
  publisher={Business Perspectives}
}

@inproceedings{batista2000applying,
  title={Applying one-sided selection to unbalanced datasets},
  author={Batista, Gustavo EAPA and Carvalho, Andre CPLF and Monard, Maria Carolina},
  booktitle={MICAI},
  volume={2000},
  pages={315--325},
  year={2000},
  organization={Springer}
}

@article{dal2014learned,
  title={Learned lessons in credit card fraud detection from a practitioner perspective},
  author={Dal Pozzolo, Andrea and Caelen, Olivier and Le Borgne, Yann-Ael and Waterschoot, Serge and Bontempi, Gianluca},
  journal={Expert systems with applications},
  volume={41},
  number={10},
  pages={4915--4928},
  year={2014},
  publisher={Elsevier}
}

@article{gama2014survey,
  title={A survey on concept drift adaptation},
  author={Gama, Jo{\~a}o and {\v{Z}}liobait{\.e}, Indr{\.e} and Bifet, Albert and Pechenizkiy, Mykola and Bouchachia, Abdelhamid},
  journal={ACM Computing Surveys (CSUR)},
  volume={46},
  number={4},
  pages={44},
  year={2014},
  publisher={ACM}
}

@book{quinlan2014c4,
  title={C4. 5: programs for machine learning},
  author={Quinlan, J Ross},
  year={2014},
  publisher={Elsevier}
}

@article{jin2005binary,
  title={Binary choice models for rare events data: a crop insurance fraud application},
  author={Jin, Yufei and Rejesus*, Roderick M and Little, Bertis B},
  journal={Applied Economics},
  volume={37},
  number={7},
  pages={841--848},
  year={2005},
  publisher={Taylor \& Francis}
}

@article{artis2002detection,
  title={Detection of automobile insurance fraud with discrete choice models and misclassified claims},
  author={Art{\'\i}s, Manuel and Ayuso, Mercedes and Guill{\'e}n, Montserrat},
  journal={Journal of Risk and Insurance},
  volume={69},
  number={3},
  pages={325--340},
  year={2002},
  publisher={Wiley Online Library}
}

@article{bollinger1997modeling,
  title={Modeling discrete choice with response error: Food Stamp participation},
  author={Bollinger, Christopher R and David, Martin H},
  journal={Journal of the American Statistical Association},
  volume={92},
  number={439},
  pages={827--835},
  year={1997},
  publisher={Taylor \& Francis Group}
}

@article{hausman1998misclassification,
  title={Misclassification of the dependent variable in a discrete-response setting},
  author={Hausman, Jerry A and Abrevaya, Jason and Scott-Morton, Fiona M},
  journal={Journal of econometrics},
  volume={87},
  number={2},
  pages={239--269},
  year={1998},
  publisher={Elsevier}
}

@article{poterba1995unemployment,
  title={Unemployment benefits and labor market transitions: A multinomial logit model with errors in classification},
  author={Poterba, James M and Summers, Lawrence H},
  journal={The Review of Economics and Statistics},
  pages={207--216},
  year={1995},
  publisher={JSTOR}
}

@inproceedings{agrawal1993mining,
  title={Mining association rules between sets of items in large databases},
  author={Agrawal, Rakesh and Imieli{\'n}ski, Tomasz and Swami, Arun},
  booktitle={Acm sigmod record},
  volume={22},
  pages={207--216},
  year={1993},
  organization={ACM}
}

@article{rodriguez2006rotation,
  title={Rotation forest: A new classifier ensemble method},
  author={Rodriguez, Juan Jos{\'e} and Kuncheva, Ludmila I and Alonso, Carlos J},
  journal={IEEE transactions on pattern analysis and machine intelligence},
  volume={28},
  number={10},
  pages={1619--1630},
  year={2006},
  publisher={IEEE}
}

@article{he2009learning,
  title={Learning from imbalanced data},
  author={He, Haibo and Garcia, Edwardo A},
  journal={IEEE Transactions on knowledge and data engineering},
  volume={21},
  number={9},
  pages={1263--1284},
  year={2009},
  publisher={IEEE}
}

@article{zaharia2010spark,
  title={Spark: Cluster computing with working sets.},
  author={Zaharia, Matei and Chowdhury, Mosharaf and Franklin, Michael J and Shenker, Scott and Stoica, Ion},
  journal={HotCloud},
  volume={10},
  number={10-10},
  pages={95},
  year={2010}
}

@article{meng2016mllib,
  title={Mllib: Machine learning in apache spark},
  author={Meng, Xiangrui and Bradley, Joseph and Yavuz, Burak and Sparks, Evan and Venkataraman, Shivaram and Liu, Davies and Freeman, Jeremy and Tsai, DB and Amde, Manish and Owen, Sean and others},
  journal={The Journal of Machine Learning Research},
  volume={17},
  number={1},
  pages={1235--1241},
  year={2016},
  publisher={JMLR. org}
}

@online{spark220,
  author = {The Apache Software Foundation},
  title = {Spark 2.2.0},
  year = 2017,
  url = {https://spark.apache.org/docs/2.2.0/index.html},
  urldate = {2017-10-08}
}

@inproceedings{zadrozny2003cost,
  title={Cost-sensitive learning by cost-proportionate example weighting},
  author={Zadrozny, Bianca and Langford, John and Abe, Naoki},
  booktitle={Data Mining, 2003. ICDM 2003. Third IEEE International Conference on},
  pages={435--442},
  year={2003},
  organization={IEEE}
}

@article{walker1967estimation,
  title={Estimation of the probability of an event as a function of several independent variables},
  author={Walker, Strother H and Duncan, David B},
  journal={Biometrika},
  volume={54},
  number={1-2},
  pages={167--179},
  year={1967},
  publisher={Oxford University Press}
}

@article{cox1958regression,
  title={The regression analysis of binary sequences},
  author={Cox, David R},
  journal={Journal of the Royal Statistical Society. Series B (Methodological)},
  pages={215--242},
  year={1958},
  publisher={JSTOR}
}

@article{cortes1995support,
  title={Support-vector networks},
  author={Cortes, Corinna and Vapnik, Vladimir},
  journal={Machine learning},
  volume={20},
  number={3},
  pages={273--297},
  year={1995},
  publisher={Springer}
}

@misc{scholkopf2002learning,
  title={Learning with kernels. 2002},
  author={Sch{\"o}lkopf, Bernhard and Smola, Alexander J},
  year={2002},
  publisher={MIT Press, Cambridge, MA}
}

@article{leonard1995development,
  title={The development of a rule based expert system model for fraud alert in consumer credit},
  author={Leonard, Kevin J},
  journal={European journal of operational research},
  volume={80},
  number={2},
  pages={350--356},
  year={1995},
  publisher={Elsevier}
}

@article{leonard1993detecting,
  title={Detecting credit card fraud using expert systems},
  author={Leonard, Kevin J},
  journal={Computers \& industrial engineering},
  volume={25},
  number={1-4},
  pages={103--106},
  year={1993},
  publisher={Elsevier}
}

@inproceedings{haratinik2012fuzzgy,
  title={FUZZGY: A hybrid model for credit card fraud detection},
  author={HaratiNik, Mohammad Reza and Akrami, Mahdi and Khadivi, Shahram and Shajari, Mahdi},
  booktitle={Telecommunications (IST), 2012 Sixth International Symposium on},
  pages={1088--1093},
  year={2012},
  organization={IEEE}
}

@article{sanchez2009association,
  title={Association rules applied to credit card fraud detection},
  author={S{\'a}nchez, Daniel and Vila, MA and Cerda, L and Serrano, Jos{\'e}-Maria},
  journal={Expert systems with applications},
  volume={36},
  number={2},
  pages={3630--3640},
  year={2009},
  publisher={Elsevier}
}

@article{quinlan1986induction,
  title={Induction of decision trees},
  author={Quinlan, J. Ross},
  journal={Machine learning},
  volume={1},
  number={1},
  pages={81--106},
  year={1986},
  publisher={Springer}
}

@article{quinlan1993c4,
  title={C4. 5: Programming for machine learning},
  author={Quinlan, J Ross},
  journal={Morgan Kauffmann},
  volume={38},
  year={1993}
}

@book{breiman1984classification,
  title={Classification and regression trees},
  author={Breiman, Leo and Friedman, Jerome and Stone, Charles J and Olshen, Richard A},
  year={1984},
  publisher={CRC press}
}

@article{csahin2011detecting,
  title={Detecting credit card fraud by decision trees and support vector machines},
  author={{\c{S}}ahin, Yusuf G and Duman, Ekrem},
  year={2011},
  publisher={Newswood Limited}
}

@online{aicpa,
  author = {AICPA},
  title = {American Institute of CPAs},
  year = 2017,
  url = {http://www.aicpa.org/Pages/default.aspx},
  urldate = {2017-10-08}
}

@inproceedings{lebbe2008artificial,
  title={Artificial immune system inspired danger modelling in Wireless Mesh Networks},
  author={Lebbe, Mahira Atham and Agbinya, Johnson I and Chaczko, Zenon and Braun, Robin},
  booktitle={Computer and Communication Engineering, 2008. ICCCE 2008. International Conference on},
  pages={984--988},
  year={2008},
  organization={IEEE}
}

@article{bhattacharyya2011data,
  title={Data mining for credit card fraud: A comparative study},
  author={Bhattacharyya, Siddhartha and Jha, Sanjeev and Tharakunnel, Kurian and Westland, J Christopher},
  journal={Decision Support Systems},
  volume={50},
  number={3},
  pages={602--613},
  year={2011},
  publisher={Elsevier}
}

@inproceedings{bahnsen2013cost,
  title={Cost sensitive credit card fraud detection using Bayes minimum risk},
  author={Bahnsen, Alejandro Correa and Stojanovic, Aleksandar and Aouada, Djamila and Ottersten, Bjorn},
  booktitle={Machine Learning and Applications (ICMLA), 2013 12th International Conference on},
  volume={1},
  pages={333--338},
  year={2013},
  organization={IEEE}
}

@article{jha2012employing,
  title={Employing transaction aggregation strategy to detect credit card fraud},
  author={Jha, Sanjeev and Guillen, Montserrat and Westland, J Christopher},
  journal={Expert systems with applications},
  volume={39},
  number={16},
  pages={12650--12657},
  year={2012},
  publisher={Elsevier}
}

@article{sahin2013cost,
  title={A cost-sensitive decision tree approach for fraud detection},
  author={Sahin, Yusuf and Bulkan, Serol and Duman, Ekrem},
  journal={Expert Systems with Applications},
  volume={40},
  number={15},
  pages={5916--5923},
  year={2013},
  publisher={Elsevier}
}

@inproceedings{tasoulis2008mining,
  title={Mining information from plastic card transaction streams},
  author={Tasoulis, D and Adams, N and Weston, DJ and Hand, DJ},
  booktitle={Proceedings in Computational Statistics: 18th Symposium (COMPSTAT 2008)},
  volume={2},
  pages={315--322},
  year={2008}
}

@article{weston2008plastic,
  title={Plastic card fraud detection using peer group analysis},
  author={Weston, David J and Hand, David J and Adams, Niall M and Whitrow, Christopher and Juszczak, Piotr},
  journal={Advances in Data Analysis and Classification},
  volume={2},
  number={1},
  pages={45--62},
  year={2008},
  publisher={Springer}
}

@article{whitrow2009transaction,
  title={Transaction aggregation as a strategy for credit card fraud detection},
  author={Whitrow, Christopher and Hand, David J and Juszczak, Piotr and Weston, D and Adams, Niall M},
  journal={Data Mining and Knowledge Discovery},
  volume={18},
  number={1},
  pages={30--55},
  year={2009},
  publisher={Springer}
}

@book{fisher1995statistical,
  title={Statistical analysis of circular data},
  author={Fisher, Nicholas I},
  year={1995},
  publisher={Cambridge University Press}
}

@article{fawcett1997adaptive,
  title={Adaptive fraud detection},
  author={Fawcett, Tom and Provost, Foster},
  journal={Data mining and knowledge discovery},
  volume={1},
  number={3},
  pages={291--316},
  year={1997},
  publisher={Springer}
}

@article{chan1999distributed,
  title={Distributed data mining in credit card fraud detection},
  author={Chan, Philip K and Fan, Wei and Prodromidis, Andreas L and Stolfo, Salvatore J},
  journal={IEEE Intelligent Systems and Their Applications},
  volume={14},
  number={6},
  pages={67--74},
  year={1999},
  publisher={IEEE}
}

@inproceedings{cieslak2008learning,
  title={Learning decision trees for unbalanced data},
  author={Cieslak, David A and Chawla, Nitesh V},
  booktitle={Joint European Conference on Machine Learning and Knowledge Discovery in Databases},
  pages={241--256},
  year={2008},
  organization={Springer}
}

@article{japkowicz2002class,
  title={The class imbalance problem: A systematic study},
  author={Japkowicz, Nathalie and Stephen, Shaju},
  journal={Intelligent data analysis},
  volume={6},
  number={5},
  pages={429--449},
  year={2002},
  publisher={IOS Press}
}

@inproceedings{visa2005issues,
  title={Issues in mining imbalanced data sets-a review paper},
  author={Visa, Sofia and Ralescu, Anca},
  booktitle={Proceedings of the sixteen midwest artificial intelligence and cognitive science conference},
  volume={2005},
  pages={67--73},
  year={2005},
  organization={sn}
}

@inproceedings{kubat1997addressing,
  title={Addressing the curse of imbalanced training sets: one-sided selection},
  author={Kubat, Miroslav and Matwin, Stan and others},
  booktitle={ICML},
  volume={97},
  pages={179--186},
  year={1997},
  organization={Nashville, USA}
}

@inproceedings{mani2003knn,
  title={kNN approach to unbalanced data distributions: a case study involving information extraction},
  author={Mani, Inderjeet and Zhang, I},
  booktitle={Proceedings of workshop on learning from imbalanced datasets},
  volume={126},
  year={2003}
}

@article{batista2004study,
  title={A study of the behavior of several methods for balancing machine learning training data},
  author={Batista, Gustavo EAPA and Prati, Ronaldo C and Monard, Maria Carolina},
  journal={ACM Sigkdd Explorations Newsletter},
  volume={6},
  number={1},
  pages={20--29},
  year={2004},
  publisher={ACM}
}

@inproceedings{yan2003predicting,
  title={On predicting rare classes with SVM ensembles in scene classification},
  author={Yan, Rong and Liu, Yan and Jin, Rong and Hauptmann, Alex},
  booktitle={Acoustics, Speech, and Signal Processing, 2003. Proceedings.(ICASSP'03). 2003 IEEE International Conference on},
  volume={3},
  pages={III--21},
  year={2003},
  organization={IEEE}
}

@inproceedings{wu2003class,
  title={Class-boundary alignment for imbalanced dataset learning},
  author={Wu, Gang and Chang, Edward Y},
  booktitle={ICML 2003 workshop on learning from imbalanced data sets II, Washington, DC},
  pages={49--56},
  year={2003}
}

@article{breiman1996bagging,
  title={Bagging predictors},
  author={Breiman, Leo},
  journal={Machine learning},
  volume={24},
  number={2},
  pages={123--140},
  year={1996},
  publisher={Springer}
}

@inproceedings{freund1996experiments,
  title={Experiments with a new boosting algorithm},
  author={Freund, Yoav and Schapire, Robert E and others},
  booktitle={Icml},
  volume={96},
  pages={148--156},
  year={1996}
}

@article{liu2009exploratory,
  title={Exploratory undersampling for class-imbalance learning},
  author={Liu, Xu-Ying and Wu, Jianxin and Zhou, Zhi-Hua},
  journal={IEEE Transactions on Systems, Man, and Cybernetics, Part B (Cybernetics)},
  volume={39},
  number={2},
  pages={539--550},
  year={2009},
  publisher={IEEE}
}

@inproceedings{wang2009diversity,
  title={Diversity exploration and negative correlation learning on imbalanced data sets},
  author={Wang, Shuo and Tang, Ke and Yao, Xin},
  booktitle={Neural Networks, 2009. IJCNN 2009. International Joint Conference on},
  pages={3259--3266},
  year={2009},
  organization={IEEE}
}

@article{vilarino2005experiments,
  title={Experiments with SVM and stratified sampling with an imbalanced problem: detection of intestinal contractions},
  author={Vilari{\~n}o, Fernando and Spyridonos, Panagiota and Vitri{\`a}, Jordi and Radeva, Petia},
  journal={Pattern Recognition and Image Analysis},
  pages={783--791},
  year={2005},
  publisher={Springer}
}

@inproceedings{kang2006eus,
  title={EUS SVMs: Ensemble of under-sampled SVMs for data imbalance problems},
  author={Kang, Pilsung and Cho, Sungzoon},
  booktitle={Neural Information Processing},
  pages={837--846},
  year={2006},
  organization={Springer}
}

@inproceedings{liu2006boosting,
  title={Boosting Prediction Accuracy on Imbalanced Datasets with SVM Ensembles.},
  author={Liu, Yang and An, Aijun and Huang, Xiangji},
  booktitle={PAKDD},
  volume={6},
  pages={107--118},
  year={2006},
  organization={Springer}
}

@article{wang2010boosting,
  title={Boosting support vector machines for imbalanced data sets},
  author={Wang, Benjamin X and Japkowicz, Nathalie},
  journal={Knowledge and Information Systems},
  volume={25},
  number={1},
  pages={1--20},
  year={2010},
  publisher={Springer}
}

@article{chawla2003smoteboost,
  title={SMOTEBoost: Improving prediction of the minority class in boosting},
  author={Chawla, Nitesh and Lazarevic, Aleksandar and Hall, Lawrence and Bowyer, Kevin},
  journal={Knowledge Discovery in Databases: PKDD 2003},
  pages={107--119},
  year={2003},
  publisher={Springer}
}

@inproceedings{joshi2001evaluating,
  title={Evaluating boosting algorithms to classify rare classes: Comparison and improvements},
  author={Joshi, Mahesh V and Kumar, Vipin and Agarwal, Ramesh C},
  booktitle={Data Mining, 2001. ICDM 2001, Proceedings IEEE International Conference on},
  pages={257--264},
  year={2001},
  organization={IEEE}
}

@article{mease2007boosted,
  title={Boosted classification trees and class probability/quantile estimation},
  author={Mease, David and Wyner, Abraham J and Buja, Andreas},
  journal={Journal of Machine Learning Research},
  volume={8},
  number={Mar},
  pages={409--439},
  year={2007}
}

@inproceedings{domingos1999metacost,
  title={Metacost: A general method for making classifiers cost-sensitive},
  author={Domingos, Pedro},
  booktitle={Proceedings of the fifth ACM SIGKDD international conference on Knowledge discovery and data mining},
  pages={155--164},
  year={1999},
  organization={ACM}
}

@inproceedings{masnadi2010risk,
  title={Risk minimization, probability elicitation, and cost-sensitive SVMs.},
  author={Masnadi-Shirazi, Hamed and Vasconcelos, Nuno},
  booktitle={ICML},
  pages={759--766},
  year={2010}
}

@inproceedings{kukar1998cost,
  title={Cost-Sensitive Learning with Neural Networks.},
  author={Kukar, Matjaz and Kononenko, Igor and others},
  booktitle={ECAI},
  pages={445--449},
  year={1998}
}

@inproceedings{ling2004decision,
  title={Decision trees with minimal costs},
  author={Ling, Charles X and Yang, Qiang and Wang, Jianning and Zhang, Shichao},
  booktitle={Proceedings of the twenty-first international conference on Machine learning},
  pages={69},
  year={2004},
  organization={ACM}
}

@inproceedings{bradford1998pruning,
  title={Pruning decision trees with misclassification costs},
  author={Bradford, Jeffrey P and Kunz, Clayton and Kohavi, Ron and Brunk, Cliff and Brodley, Carla E},
  booktitle={European Conference on Machine Learning},
  pages={131--136},
  year={1998},
  organization={Springer}
}

@incollection{ling2011cost,
  title={Cost-sensitive learning},
  author={Ling, Charles X and Sheng, Victor S},
  booktitle={Encyclopedia of machine learning},
  pages={231--235},
  year={2011},
  publisher={Springer}
}

@inproceedings{maloof1997learning,
  title={Learning to detect rooftops in aerial images},
  author={Maloof, Marcus and Langley, Pat and Sage, Stephanie and Binford, T},
  booktitle={Proceedings of the Image Understanding Workshop},
  pages={835--845},
  year={1997}
}

@article{weiss2001effect,
  title={The effect of class distribution on classifier learning: an empirical study},
  author={Weiss, Gary M and Provost, Foster},
  journal={Rutgers Univ},
  year={2001}
}

@article{laurikkala2001improving,
  title={Improving identification of difficult small classes by balancing class distribution},
  author={Laurikkala, Jorma},
  journal={Artificial Intelligence in Medicine},
  pages={63--66},
  year={2001},
  publisher={Springer}
}

@article{estabrooks2004multiple,
  title={A multiple resampling method for learning from imbalanced data sets},
  author={Estabrooks, Andrew and Jo, Taeho and Japkowicz, Nathalie},
  journal={Computational intelligence},
  volume={20},
  number={1},
  pages={18--36},
  year={2004},
  publisher={Wiley Online Library}
}

@article{han2005borderline,
  title={Borderline-SMOTE: a new over-sampling method in imbalanced data sets learning},
  author={Han, Hui and Wang, Wen-Yuan and Mao, Bing-Huan},
  journal={Advances in intelligent computing},
  pages={878--887},
  year={2005},
  publisher={Springer}
}

@inproceedings{he2008adasyn,
  title={ADASYN: Adaptive synthetic sampling approach for imbalanced learning},
  author={He, Haibo and Bai, Yang and Garcia, Edwardo A and Li, Shutao},
  booktitle={Neural Networks, 2008. IJCNN 2008.(IEEE World Congress on Computational Intelligence). IEEE International Joint Conference on},
  pages={1322--1328},
  year={2008},
  organization={IEEE}
}

@inproceedings{drummond2003c4,
  title={C4. 5, class imbalance, and cost sensitivity: why under-sampling beats over-sampling},
  author={Drummond, Chris and Holte, Robert C and others},
  booktitle={Workshop on learning from imbalanced datasets II},
  volume={11},
  year={2003},
  organization={Citeseer Washington DC}
}

@inproceedings{dal2015calibrating,
  title={Calibrating probability with undersampling for unbalanced classification},
  author={Dal Pozzolo, Andrea and Caelen, Olivier and Johnson, Reid A and Bontempi, Gianluca},
  booktitle={Computational Intelligence, 2015 IEEE Symposium Series on},
  pages={159--166},
  year={2015},
  organization={IEEE}
}

@article{chawla2002smote,
  title={SMOTE: synthetic minority over-sampling technique},
  author={Chawla, Nitesh V and Bowyer, Kevin W and Hall, Lawrence O and Kegelmeyer, W Philip},
  journal={Journal of artificial intelligence research},
  volume={16},
  pages={321--357},
  year={2002}
}

@inproceedings{wang2004imbalanced,
  title={Imbalanced data set learning with synthetic samples},
  author={Wang, BX and Japkowicz, Nathalie},
  booktitle={Proc. IRIS Machine Learning Workshop},
  volume={19},
  year={2004}
}

@article{tomek1976two,
  title={Two modifications of CNN},
  author={Tomek, Ivan},
  journal={IEEE Trans. Systems, Man and Cybernetics},
  volume={6},
  pages={769--772},
  year={1976}
}

@article{suman2005methods,
  title={Methods for Handling Highly Skewed Datasets},
  author={Suman, Sanjeev and Laddhad, Kamlesh and Deshmukh, Unmesh},
  journal={Part I-October},
  volume={3},
  year={2005}
}

@article{hart1968condensed,
  title={The condensed nearest neighbor rule (Corresp.)},
  author={Hart, Peter},
  journal={IEEE transactions on information theory},
  volume={14},
  number={3},
  pages={515--516},
  year={1968},
  publisher={IEEE}
}

@article{wilson2000reduction,
  title={Reduction techniques for instance-based learning algorithms},
  author={Wilson, D Randall and Martinez, Tony R},
  journal={Machine learning},
  volume={38},
  number={3},
  pages={257--286},
  year={2000},
  publisher={Springer}
}

@inproceedings{brause1999neural,
  title={Neural data mining for credit card fraud detection},
  author={Brause, R and Langsdorf, T and Hepp, Michael},
  booktitle={Tools with Artificial Intelligence, 1999. Proceedings. 11th IEEE International Conference on},
  pages={103--106},
  year={1999},
  organization={IEEE}
}

@inproceedings{tasoulis2006unsupervised,
  title={Unsupervised clustering in streaming data},
  author={Tasoulis, Dimitris K and Adams, Niall M and Hand, David J},
  booktitle={Data Mining Workshops, 2006. ICDM Workshops 2006. Sixth IEEE International Conference on},
  pages={638--642},
  year={2006},
  organization={IEEE}
}

@article{bolton2001unsupervised,
  title={Unsupervised profiling methods for fraud detection},
  author={Bolton, Richard J and Hand, David J and others},
  journal={Credit Scoring and Credit Control VII},
  pages={235--255},
  year={2001},
  publisher={Imperial College London, UK}
}

@inproceedings{ghosh1994credit,
  title={Credit card fraud detection with a neural-network},
  author={Ghosh, Sushmito and Reilly, Douglas L},
  booktitle={System Sciences, 1994. Proceedings of the Twenty-Seventh Hawaii International Conference on},
  volume={3},
  pages={621--630},
  year={1994},
  organization={IEEE}
}

@article{chen2006new,
  title={A new binary support vector system for increasing detection rate of credit card fraud},
  author={Chen, Rong-Chang and Chen, Tung-Shou and Lin, Chih-Chiang},
  journal={International Journal of Pattern Recognition and Artificial Intelligence},
  volume={20},
  number={02},
  pages={227--239},
  year={2006},
  publisher={World Scientific}
}

@article{chen2005novel,
  title={Novel questionnaire-responded transaction approach with SVM for credit card fraud detection},
  author={Chen, Rongchang and Chen, Tungshou and Chien, Yuer and Yang, Yuru},
  journal={Advances in Neural Networks--ISNN 2005},
  pages={821--821},
  year={2005},
  publisher={Springer}
}

@article{lu2011research,
  title={Research on credit card fraud detection model based on class weighted support vector machine},
  author={Lu, Qibei and Ju, Chunhua},
  journal={Journal of Convergence Information Technology},
  volume={6},
  number={1},
  year={2011},
  publisher={Advanced Institute of Convergence IT}
}

@article{bahnsen2015example,
  title={Example-dependent cost-sensitive decision trees},
  author={Bahnsen, Alejandro Correa and Aouada, Djamila and Ottersten, Bj{\"o}rn},
  journal={Expert Systems with Applications},
  volume={42},
  number={19},
  pages={6609--6619},
  year={2015},
  publisher={Elsevier}
}

@inproceedings{dal2014using,
  title={Using HDDT to avoid instances propagation in unbalanced and evolving data streams},
  author={Dal Pozzolo, Andrea and Johnson, Reid and Caelen, Olivier and Waterschoot, Serge and Chawla, Nitesh V and Bontempi, Gianluca},
  booktitle={Neural Networks (IJCNN), 2014 International Joint Conference on},
  pages={588--594},
  year={2014},
  organization={IEEE}
}

@inproceedings{krogh1995neural,
  title={Neural network ensembles, cross validation, and active learning},
  author={Krogh, Anders and Vedelsby, Jesper},
  booktitle={Advances in neural information processing systems},
  pages={231--238},
  year={1995}
}

@inproceedings{freund1995desicion,
  title={A desicion-theoretic generalization of on-line learning and an application to boosting},
  author={Freund, Yoav and Schapire, Robert E},
  booktitle={European conference on computational learning theory},
  pages={23--37},
  year={1995},
  organization={Springer}
}

@inproceedings{drucker1997improving,
  title={Improving regressors using boosting techniques},
  author={Drucker, Harris},
  booktitle={ICML},
  volume={97},
  pages={107--115},
  year={1997}
}

@inproceedings{provost2000machine,
  title={Machine learning from imbalanced data sets 101},
  author={Provost, Foster},
  booktitle={Proceedings of the AAAI’2000 workshop on imbalanced data sets},
  pages={1--3},
  year={2000}
}

@incollection{chawla2009data,
  title={Data mining for imbalanced datasets: An overview},
  author={Chawla, Nitesh V},
  booktitle={Data mining and knowledge discovery handbook},
  pages={875--886},
  year={2009},
  publisher={Springer}
}

@article{hand2009measuring,
  title={Measuring classifier performance: a coherent alternative to the area under the ROC curve},
  author={Hand, David J},
  journal={Machine learning},
  volume={77},
  number={1},
  pages={103--123},
  year={2009},
  publisher={Springer}
}

@article{mahmoudi2015detecting,
  title={Detecting credit card fraud by modified Fisher discriminant analysis},
  author={Mahmoudi, Nader and Duman, Ekrem},
  journal={Expert Systems with Applications},
  volume={42},
  number={5},
  pages={2510--2516},
  year={2015},
  publisher={Elsevier}
}

@inproceedings{elkan2001foundations,
  title={The foundations of cost-sensitive learning},
  author={Elkan, Charles},
  booktitle={International joint conference on artificial intelligence},
  volume={17},
  pages={973--978},
  year={2001},
  organization={Lawrence Erlbaum Associates Ltd}
}

@article{krivko2010hybrid,
  title={A hybrid model for plastic card fraud detection systems},
  author={Krivko, M},
  journal={Expert Systems with Applications},
  volume={37},
  number={8},
  pages={6070--6076},
  year={2010},
  publisher={Elsevier}
}

@inproceedings{fast2007relational,
  title={Relational data pre-processing techniques for improved securities fraud detection},
  author={Fast, Andrew and Friedland, Lisa and Maier, Marc and Taylor, Brian and Jensen, David and Goldberg, Henry G and Komoroske, John},
  booktitle={Proceedings of the 13th ACM SIGKDD international conference on Knowledge discovery and data mining},
  pages={941--949},
  year={2007},
  organization={ACM}
}

@article{sudjianto2010statistical,
  title={Statistical methods for fighting financial crimes},
  author={Sudjianto, Agus and Nair, Sheela and Yuan, Ming and Zhang, Aijun and Kern, Daniel and Cela-D{\'\i}az, Fernando},
  journal={Technometrics},
  volume={52},
  number={1},
  pages={5--19},
  year={2010},
  publisher={Taylor \& Francis}
}

@inproceedings{fan2004systematic,
  title={Systematic data selection to mine concept-drifting data streams},
  author={Fan, Wei},
  booktitle={Proceedings of the tenth ACM SIGKDD international conference on Knowledge discovery and data mining},
  pages={128--137},
  year={2004},
  organization={ACM}
}

@inproceedings{kelly1999impact,
  title={The impact of changing populations on classifier performance},
  author={Kelly, Mark G and Hand, David J and Adams, Niall M},
  booktitle={Proceedings of the fifth ACM SIGKDD international conference on Knowledge discovery and data mining},
  pages={367--371},
  year={1999},
  organization={ACM}
}

@article{moreno2012unifying,
  title={A unifying view on dataset shift in classification},
  author={Moreno-Torres, Jose G and Raeder, Troy and Alaiz-Rodr{\'\i}Guez, Roc{\'\i}O and Chawla, Nitesh V and Herrera, Francisco},
  journal={Pattern Recognition},
  volume={45},
  number={1},
  pages={521--530},
  year={2012},
  publisher={Elsevier}
}

@article{hoens2012learning,
  title={Learning from streaming data with concept drift and imbalance: an overview},
  author={Hoens, T Ryan and Polikar, Robi and Chawla, Nitesh V},
  journal={Progress in Artificial Intelligence},
  volume={1},
  number={1},
  pages={89--101},
  year={2012},
  publisher={Springer}
}

@book{quionero2009dataset,
  title={Dataset shift in machine learning},
  author={Quionero-Candela, Joaquin and Sugiyama, Masashi and Schwaighofer, Anton and Lawrence, Neil D},
  year={2009},
  publisher={The MIT Press}
}

@article{grossberg1988nonlinear,
  title={Nonlinear neural networks: Principles, mechanisms, and architectures},
  author={Grossberg, Stephen},
  journal={Neural networks},
  volume={1},
  number={1},
  pages={17--61},
  year={1988},
  publisher={Elsevier}
}

@inproceedings{fan2005improved,
  title={An improved categorization of classifier's sensitivity on sample selection bias},
  author={Fan, Wei and Davidson, Ian and Zadrozny, Bianca and Yu, Philip S},
  booktitle={Data Mining, Fifth IEEE International Conference on},
  pages={4--pp},
  year={2005},
  organization={IEEE}
}

@inproceedings{dudik2006correcting,
  title={Correcting sample selection bias in maximum entropy density estimation},
  author={Dud{\'\i}k, Miroslav and Phillips, Steven J and Schapire, Robert E},
  booktitle={Advances in neural information processing systems},
  pages={323--330},
  year={2006}
}

@inproceedings{dal2013racing,
  title={Racing for unbalanced methods selection},
  author={Dal Pozzolo, Andrea and Caelen, Olivier and Waterschoot, Serge and Bontempi, Gianluca},
  booktitle={International Conference on Intelligent Data Engineering and Automated Learning},
  pages={24--31},
  year={2013},
  organization={Springer}
}

@inproceedings{fan2007sample,
  title={On sample selection bias and its efficient correction via model averaging and unlabeled examples},
  author={Fan, Wei and Davidson, Ian},
  booktitle={Proceedings of the 2007 SIAM International Conference on Data Mining},
  pages={320--331},
  year={2007},
  organization={SIAM}
}

@book{duda2012pattern,
  title={Pattern classification},
  author={Duda, Richard O and Hart, Peter E and Stork, David G},
  year={2012},
  publisher={John Wiley \& Sons}
}

@article{vzliobaite2010learning,
  title={Learning under concept drift: an overview},
  author={{\v{Z}}liobait{\.e}, Indr{\.e}},
  journal={arXiv preprint arXiv:1010.4784},
  year={2010}
}

@online{sampling_methods,
  author = {Andrea Dal Pozzolo},
  title = {Presentation of the unbalanced R package},
  year = 2016,
  url = {https://www.slideshare.net/dalpozz/presentation-of-the-unbalanced-r-package},
  urldate = {2016-02-24}
}

@article{stanley2003learning,
  title={Learning concept drift with a committee of decision trees},
  author={Stanley, Kenneth O},
  journal={Informe t{\'e}cnico: UT-AI-TR-03-302, Department of Computer Sciences, University of Texas at Austin, USA},
  year={2003}
}

@inproceedings{narasimhamurthy2007framework,
  title={A framework for generating data to simulate changing environments.},
  author={Narasimhamurthy, Anand M and Kuncheva, Ludmila I},
  booktitle={Artificial Intelligence and Applications},
  pages={415--420},
  year={2007}
}

@article{widmer1996learning,
  title={Learning in the presence of concept drift and hidden contexts},
  author={Widmer, Gerhard and Kubat, Miroslav},
  journal={Machine learning},
  volume={23},
  number={1},
  pages={69--101},
  year={1996},
  publisher={Springer}
}

@article{klinkenberg2004learning,
  title={Learning drifting concepts: Example selection vs. example weighting},
  author={Klinkenberg, Ralf},
  journal={Intelligent Data Analysis},
  volume={8},
  number={3},
  pages={281--300},
  year={2004},
  publisher={IOS Press}
}

@article{klinkenberg1998adaptive,
  title={Adaptive information filtering: Learning in the presence of concept drifts},
  author={Klinkenberg, Ralf and Renz, Ingrid},
  journal={Learning for Text Categorization},
  pages={33--40},
  year={1998}
}

@inproceedings{klinkenberg2000detecting,
  title={Detecting Concept Drift with Support Vector Machines.},
  author={Klinkenberg, Ralf and Joachims, Thorsten},
  booktitle={ICML},
  pages={487--494},
  year={2000}
}

@article{schlimmer1986incremental,
  title={Incremental learning from noisy data},
  author={Schlimmer, Jeffrey C and Granger, Richard H},
  journal={Machine learning},
  volume={1},
  number={3},
  pages={317--354},
  year={1986},
  publisher={Springer}
}

@inproceedings{street2001streaming,
  title={A streaming ensemble algorithm (SEA) for large-scale classification},
  author={Street, W Nick and Kim, YongSeog},
  booktitle={Proceedings of the seventh ACM SIGKDD international conference on Knowledge discovery and data mining},
  pages={377--382},
  year={2001},
  organization={ACM}
}

@inproceedings{bifet2009new,
  title={New ensemble methods for evolving data streams},
  author={Bifet, Albert and Holmes, Geoff and Pfahringer, Bernhard and Kirkby, Richard and Gavald{\`a}, Ricard},
  booktitle={Proceedings of the 15th ACM SIGKDD international conference on Knowledge discovery and data mining},
  pages={139--148},
  year={2009},
  organization={ACM}
}

@article{tsymbal2008dynamic,
  title={Dynamic integration of classifiers for handling concept drift},
  author={Tsymbal, Alexey and Pechenizkiy, Mykola and Cunningham, P{\'a}draig and Puuronen, Seppo},
  journal={Information fusion},
  volume={9},
  number={1},
  pages={56--68},
  year={2008},
  publisher={Elsevier}
}

@article{kolter2007dynamic,
  title={Dynamic weighted majority: An ensemble method for drifting concepts},
  author={Kolter, J Zico and Maloof, Marcus A},
  journal={Journal of Machine Learning Research},
  volume={8},
  number={Dec},
  pages={2755--2790},
  year={2007}
}

@inproceedings{wang2003mining,
  title={Mining concept-drifting data streams using ensemble classifiers},
  author={Wang, Haixun and Fan, Wei and Yu, Philip S and Han, Jiawei},
  booktitle={Proceedings of the ninth ACM SIGKDD international conference on Knowledge discovery and data mining},
  pages={226--235},
  year={2003},
  organization={AcM}
}

@inproceedings{karnick2008learning,
  title={Learning concept drift in nonstationary environments using an ensemble of classifiers based approach},
  author={Karnick, Matthew and Ahiskali, Metin and Muhlbaier, Michael D and Polikar, Robi},
  booktitle={Neural Networks, 2008. IJCNN 2008.(IEEE World Congress on Computational Intelligence). IEEE International Joint Conference on},
  pages={3455--3462},
  year={2008},
  organization={IEEE}
}

@article{scholz2007boosting,
  title={Boosting classifiers for drifting concepts},
  author={Scholz, Martin and Klinkenberg, Ralf},
  journal={Intelligent Data Analysis},
  volume={11},
  number={1},
  pages={3--28},
  year={2007},
  publisher={IOS Press}
}

@inproceedings{becker2007real,
  title={Real-time ranking with concept drift using expert advice},
  author={Becker, Hila and Arias, Marta},
  booktitle={Proceedings of the 13th ACM SIGKDD international conference on Knowledge discovery and data mining},
  pages={86--94},
  year={2007},
  organization={ACM}
}

@article{nishida2005ace,
  title={ACE: Adaptive Classifiers-Ensemble System for Concept-Drifting Environments.},
  author={Nishida, Kyosuke and Yamauchi, Koichiro and Omori, Takashi},
  journal={Multiple Classifier Systems},
  volume={3541},
  pages={176--185},
  year={2005},
  publisher={Springer}
}

@inproceedings{wang2006suppressing,
  title={Suppressing model overfitting in mining concept-drifting data streams},
  author={Wang, Haixun and Yin, Jian and Pei, Jian and Yu, Philip S and Yu, Jeffrey Xu},
  booktitle={Proceedings of the 12th ACM SIGKDD international conference on Knowledge discovery and data mining},
  pages={736--741},
  year={2006},
  organization={ACM}
}

@inproceedings{zhang2008categorizing,
  title={Categorizing and mining concept drifting data streams},
  author={Zhang, Peng and Zhu, Xingquan and Shi, Yong},
  booktitle={Proceedings of the 14th ACM SIGKDD international conference on Knowledge discovery and data mining},
  pages={812--820},
  year={2008},
  organization={ACM}
}

@inproceedings{rodriguez2008combining,
  title={Combining online classification approaches for changing environments},
  author={Rodr{\'\i}guez, Juan J and Kuncheva, Ludmila I},
  booktitle={Joint IAPR International Workshops on Statistical Techniques in Pattern Recognition (SPR) and Structural and Syntactic Pattern Recognition (SSPR)},
  pages={520--529},
  year={2008},
  organization={Springer}
}

@article{lazarescu2004using,
  title={Using multiple windows to track concept drift},
  author={Lazarescu, Mihai M and Venkatesh, Svetha and Bui, Hung H},
  journal={Intelligent data analysis},
  volume={8},
  number={1},
  pages={29--59},
  year={2004},
  publisher={IOS Press}
}

@inproceedings{bach2008paired,
  title={Paired learners for concept drift},
  author={Bach, Stephen H and Maloof, Marcus A},
  booktitle={Data Mining, 2008. ICDM'08. Eighth IEEE International Conference on},
  pages={23--32},
  year={2008},
  organization={IEEE}
}

@article{yang2006mining,
  title={Mining in anticipation for concept change: Proactive-reactive prediction in data streams},
  author={Yang, Ying and Wu, Xindong and Zhu, Xingquan},
  journal={Data mining and knowledge discovery},
  volume={13},
  number={3},
  pages={261--289},
  year={2006},
  publisher={Springer}
}

@inproceedings{hulten2001mining,
  title={Mining time-changing data streams},
  author={Hulten, Geoff and Spencer, Laurie and Domingos, Pedro},
  booktitle={Proceedings of the seventh ACM SIGKDD international conference on Knowledge discovery and data mining},
  pages={97--106},
  year={2001},
  organization={ACM}
}

@article{last2002online,
  title={Online classification of nonstationary data streams},
  author={Last, Mark},
  journal={Intelligent data analysis},
  volume={6},
  number={2},
  pages={129--147},
  year={2002},
  publisher={IOS Press}
}

@article{tsai2009mining,
  title={Mining decision rules on data streams in the presence of concept drifts},
  author={Tsai, Cheng-Jung and Lee, Chien-I and Yang, Wei-Pang},
  journal={Expert Systems with Applications},
  volume={36},
  number={2},
  pages={1164--1178},
  year={2009},
  publisher={Elsevier}
}

@inproceedings{koychev2000gradual,
  title={Gradual forgetting for adaptation to concept drift},
  author={Koychev, Ivan},
  year={2000},
  organization={Proceedings of ECAI 2000 Workshop on Current Issues in Spatio-Temporal Reasoning,}
}

@article{oommen2006stochastic,
  title={Stochastic learning-based weak estimation of multinomial random variables and its applications to pattern recognition in non-stationary environments},
  author={Oommen, B John and Rueda, Luis},
  journal={Pattern Recognition},
  volume={39},
  number={3},
  pages={328--341},
  year={2006},
  publisher={Elsevier}
}

@article{gao2008classifying,
  title={Classifying data streams with skewed class distributions and concept drifts},
  author={Gao, Jing and Ding, Bolin and Fan, Wei and Han, Jiawei and Philip, S Yu},
  journal={IEEE Internet Computing},
  volume={12},
  number={6},
  year={2008},
  publisher={IEEE}
}

@inproceedings{chu2004fast,
  title={Fast and light boosting for adaptive mining of data streams},
  author={Chu, Fang and Zaniolo, Carlo},
  booktitle={Pacific-Asia Conference on Knowledge Discovery and Data Mining},
  pages={282--292},
  year={2004},
  organization={Springer}
}

@article{samuel2000some,
  title={Some studies in machine learning using the game of checkers},
  author={Samuel, Arthur L},
  journal={IBM Journal of research and development},
  volume={44},
  number={1.2},
  pages={206--226},
  year={2000},
  publisher={IBM}
}

@incollection{koza1996automated,
  title={Automated design of both the topology and sizing of analog electrical circuits using genetic programming},
  author={Koza, John R and Bennett III, Forrest H and Andre, David and Keane, Martin A},
  booktitle={Artificial Intelligence in Design’96},
  pages={151--170},
  year={1996},
  publisher={Springer}
}

@misc{mitchell1997machine,
  title={Machine learning. WCB},
  author={Mitchell, Tom M and others},
  year={1997},
  publisher={McGraw-Hill Boston, MA:}
}

@article{russell1995modern,
  title={A modern approach},
  author={Russell, Stuart and Norvig, Peter and Intelligence, Artificial},
  journal={Artificial Intelligence. Prentice-Hall, Egnlewood Cliffs},
  volume={25},
  pages={27},
  year={1995}
}

@book{mohri2012foundations,
  title={Foundations of machine learning},
  author={Mohri, Mehryar and Rostamizadeh, Afshin and Talwalkar, Ameet},
  year={2012},
  publisher={MIT press}
}

@inproceedings{har2003constraint,
  title={Constraint classification for multiclass classification and ranking},
  author={Har-Peled, Sariel and Roth, Dan and Zimak, Dav},
  booktitle={Advances in neural information processing systems},
  pages={809--816},
  year={2003}
}

@book{menard2002applied,
  title={Applied logistic regression analysis},
  author={Menard, Scott},
  volume={106},
  year={2002},
  publisher={Sage}
}

@article{fisher1936use,
  title={The use of multiple measurements in taxonomic problems},
  author={Fisher, Ronald A},
  journal={Annals of human genetics},
  volume={7},
  number={2},
  pages={179--188},
  year={1936},
  publisher={Wiley Online Library}
}

@book{rokach2014data,
  title={Data mining with decision trees: theory and applications},
  author={Rokach, Lior and Maimon, Oded},
  year={2014},
  publisher={World scientific}
}

@online{decision_tree_learning,
  author = {Wikipedia},
  title = {Decision tree learning},
  year = 2017,
  url = {https://en.wikipedia.org/wiki/Decision_tree_learning},
  urldate = {2017-10-07}
}

@online{wiki2018precision_recall,
  author = {Wikipedia},
  title = {Precision and recall},
  year = 2018,
  url = {https://en.wikipedia.org/wiki/Precision_and_recall},
  urldate = {2018-08-03}
}


@online{wiki2018roc,
  author = {Wikipedia},
  title = {Receiver operating characteristic},
  year = 2018,
  url = {https://en.wikipedia.org/wiki/Receiver_operating_characteristic},
  urldate = {2018-08-29}
}

@book{raschka2015python,
  title={Python machine learning},
  author={Raschka, Sebastian},
  year={2015},
  publisher={Packt Publishing Ltd}
}

@article{freund1999short,
  title={A short introduction to boosting},
  author={Freund, Yoav and Schapire, Robert and Abe, Naoki},
  journal={Journal-Japanese Society For Artificial Intelligence},
  volume={14},
  number={771-780},
  pages={1612},
  year={1999},
  publisher={JAPANESE SOC ARTIFICIAL INTELL}
}

@inproceedings{ho1995random,
  title={Random decision forests},
  author={Ho, Tin Kam},
  booktitle={Document Analysis and Recognition, 1995., Proceedings of the Third International Conference on},
  volume={1},
  pages={278--282},
  year={1995},
  organization={IEEE}
}

@article{ho1998random,
  title={The random subspace method for constructing decision forests},
  author={Ho, Tin Kam},
  journal={IEEE transactions on pattern analysis and machine intelligence},
  volume={20},
  number={8},
  pages={832--844},
  year={1998},
  publisher={IEEE}
}

@book{friedman2001elements,
  title={The elements of statistical learning},
  author={Friedman, Jerome and Hastie, Trevor and Tibshirani, Robert},
  volume={1},
  year={2001},
  publisher={Springer series in statistics New York}
}

@article{bipm2008international,
  title={International vocabulary of metrology--basic and general concepts and associated terms, 2008},
  author={BiPM, IEC and IFCC, ILAC and ISO, IUPAC and IUPAP, OIML},
  journal={JCGM},
  volume={200},
  pages={99--12},
  year={2008}
}

@article{perry1955machine,
  title={Machine literature searching x. machine language; factors underlying its design and development},
  author={Perry, James W and Kent, Allen and Berry, Madeline M},
  journal={Journal of the Association for Information Science and Technology},
  volume={6},
  number={4},
  pages={242--254},
  year={1955},
  publisher={Wiley Online Library}
}

@book{olson2008advanced,
  title={Advanced data mining techniques},
  author={Olson, David L and Delen, Dursun},
  year={2008},
  publisher={Springer Science \& Business Media}
}

@article{hanley1983method,
  title={A method of comparing the areas under receiver operating characteristic curves derived from the same cases.},
  author={Hanley, James A and McNeil, Barbara J},
  journal={Radiology},
  volume={148},
  number={3},
  pages={839--843},
  year={1983}
}

@article{hanczar2010small,
  title={Small-sample precision of ROC-related estimates},
  author={Hanczar, Blaise and Hua, Jianping and Sima, Chao and Weinstein, John and Bittner, Michael and Dougherty, Edward R},
  journal={Bioinformatics},
  volume={26},
  number={6},
  pages={822--830},
  year={2010},
  publisher={Oxford University Press}
}

@article{lobo2008auc,
  title={AUC: a misleading measure of the performance of predictive distribution models},
  author={Lobo, Jorge M and Jim{\'e}nez-Valverde, Alberto and Real, Raimundo},
  journal={Global ecology and Biogeography},
  volume={17},
  number={2},
  pages={145--151},
  year={2008},
  publisher={Wiley Online Library}
}

@article{van1979information,
  title={Information retrieval. dept. of computer science, university of glasgow},
  author={Van Rijsbergen, CJ},
  journal={URL: citeseer. ist. psu. edu/vanrijsbergen79information. html},
  volume={14},
  year={1979}
}

@article{juszczak2008off,
  title={Off-the-peg and bespoke classifiers for fraud detection},
  author={Juszczak, Piotr and Adams, Niall M and Hand, David J and Whitrow, Christopher and Weston, David J},
  journal={Computational Statistics \& Data Analysis},
  volume={52},
  number={9},
  pages={4521--4532},
  year={2008},
  publisher={Elsevier}
}

@article{wilson1972asymptotic,
  title={Asymptotic properties of nearest neighbor rules using edited data},
  author={Wilson, Dennis L},
  journal={IEEE Transactions on Systems, Man, and Cybernetics},
  number={3},
  pages={408--421},
  year={1972},
  publisher={IEEE}
}

@article{opitz1999popular,
  title={Popular ensemble methods: An empirical study},
  author={Opitz, David W and Maclin, Richard},
  journal={J. Artif. Intell. Res.(JAIR)},
  volume={11},
  pages={169--198},
  year={1999}
}

@article{rokach2010ensemble,
  title={Ensemble-based classifiers},
  author={Rokach, Lior},
  journal={Artificial Intelligence Review},
  volume={33},
  number={1-2},
  pages={1--39},
  year={2010},
  publisher={Springer}
}

@article{lee2006mining,
  title={Mining the customer credit using classification and regression tree and multivariate adaptive regression splines},
  author={Lee, Tian-Shyug and Chiu, Chih-Chou and Chou, Yu-Chao and Lu, Chi-Jie},
  journal={Computational Statistics \& Data Analysis},
  volume={50},
  number={4},
  pages={1113--1130},
  year={2006},
  publisher={Elsevier}
}

@inproceedings{fan1999adacost,
  title={AdaCost: misclassification cost-sensitive boosting},
  author={Fan, Wei and Stolfo, Salvatore J and Zhang, Junxin and Chan, Philip K},
  booktitle={Icml},
  volume={99},
  pages={97--105},
  year={1999}
}

@article{wedge2017solving,
  title={Solving the" false positives" problem in fraud prediction},
  author={Wedge, Roy and Kanter, James Max and Rubio, Santiago Moral and Perez, Sergio Iglesias and Veeramachaneni, Kalyan},
  journal={arXiv preprint arXiv:1710.07709},
  year={2017}
}

@inproceedings{koychev2002tracking,
  title={Tracking changing user interests through prior-learning of context},
  author={Koychev, Ivan},
  booktitle={International Conference on Adaptive Hypermedia and Adaptive Web-Based Systems},
  pages={223--232},
  year={2002},
  organization={Springer}
}

@book{basseville1993detection,
  title={Detection of abrupt changes: theory and application},
  author={Basseville, Mich{\`e}le and Nikiforov, Igor V and others},
  volume={104},
  year={1993},
  publisher={Prentice Hall Englewood Cliffs}
}

@incollection{zeira2004change,
  title={Change detection in classification models induced from time series data},
  author={Zeira, Gil and Maimon, Oded and Last, Mark and Rokach, Lior},
  booktitle={Data mining in time series databases},
  pages={101--125},
  year={2004},
  publisher={World Scientific}
}

@inproceedings{gama2004learning,
  title={Learning with drift detection},
  author={Gama, Joao and Medas, Pedro and Castillo, Gladys and Rodrigues, Pedro},
  booktitle={Brazilian symposium on artificial intelligence},
  pages={286--295},
  year={2004},
  organization={Springer}
}

@article{royefficient,
  title={EFFICIENT CLASSIFICATION OF BIG DATA USING VFDT (VERY FAST DECISION TREE)},
  author={Roy, Sourav and Patel, Brina and Purandare, Samruddhi and Kucheria, Minal}
}

@article{srivastava2008credit,
  title={Credit card fraud detection using hidden Markov model},
  author={Srivastava, Abhinav and Kundu, Amlan and Sural, Shamik and Majumdar, Arun},
  journal={IEEE Transactions on dependable and secure computing},
  volume={5},
  number={1},
  pages={37--48},
  year={2008},
  publisher={IEEE}
}

@article{singh2012survey,
  title={A survey on hidden markov model for credit card fraud detection},
  author={Singh, Anshul and Narayan, Devesh and others},
  journal={International Journal of Engineering and Advanced Technology (IJEAT)},
  volume={1},
  number={3},
  year={2012}
}

@article{monedero2012detection,
  title={Detection of frauds and other non-technical losses in a power utility using Pearson coefficient, Bayesian networks and decision trees},
  author={Monedero, I{\~n}igo and Biscarri, F{\'e}lix and Le{\'o}n, Carlos and Guerrero, Juan I and Biscarri, Jes{\'u}s and Mill{\'a}n, Roc{\'\i}o},
  journal={International Journal of Electrical Power \& Energy Systems},
  volume={34},
  number={1},
  pages={90--98},
  year={2012},
  publisher={Elsevier}
}

@article{panigrahi2009credit,
  title={Credit card fraud detection: A fusion approach using Dempster--Shafer theory and Bayesian learning},
  author={Panigrahi, Suvasini and Kundu, Amlan and Sural, Shamik and Majumdar, Arun K},
  journal={Information Fusion},
  volume={10},
  number={4},
  pages={354--363},
  year={2009},
  publisher={Elsevier}
}

@article{charniak1991bayesian,
  title={Bayesian networks without tears.},
  author={Charniak, Eugene},
  journal={AI magazine},
  volume={12},
  number={4},
  pages={50},
  year={1991}
}

@article{pun2012improving,
  title={Improving credit card fraud detection using a meta-classification strategy},
  author={Pun, Joseph and Lawryshyn, Yuri},
  journal={International Journal of Computer Applications},
  volume={56},
  number={10},
  year={2012},
  publisher={Citeseer}
}

@inproceedings{kou2004survey,
  title={Survey of fraud detection techniques},
  author={Kou, Yufeng and Lu, Chang-Tien and Sirwongwattana, Sirirat and Huang, Yo-Ping},
  booktitle={Networking, sensing and control, 2004 IEEE international conference on},
  volume={2},
  pages={749--754},
  year={2004},
  organization={IEEE}
}

@inproceedings{buschkes1998increase,
  title={How to increase security in mobile networks by anomaly detection},
  author={Buschkes, Roland and Kesdogan, Dogan and Reichl, Peter},
  booktitle={Computer Security Applications Conference, 1998. Proceedings. 14th Annual},
  pages={3--12},
  year={1998},
  organization={IEEE}
}

@inproceedings{maes2002credit,
  title={Credit card fraud detection using Bayesian and neural networks},
  author={Maes, Sam and Tuyls, Karl and Vanschoenwinkel, Bram and Manderick, Bernard},
  booktitle={Proceedings of the 1st international naiso congress on neuro fuzzy technologies},
  pages={261--270},
  year={2002}
}

@article{dheepa2009analysis,
  title={Analysis of credit card fraud detection methods},
  author={Dheepa, V and Dhanapal, R},
  journal={International journal of recent trends in engineering},
  volume={2},
  number={3},
  pages={126},
  year={2009},
  publisher={Citeseer}
}

@article{zareapoor2012analysis,
  title={Analysis on Credit Card Fraud Detection Techniques: Based on Certain Design Criteria},
  author={Zareapoor, Masoumeh and Seeja, KR and Alam, M Afshar},
  journal={International Journal of Computer Applications},
  volume={52},
  number={3},
  year={2012},
  publisher={Foundation of Computer Science}
}

@inproceedings{syeda2002parallel,
  title={Parallel granular neural networks for fast credit card fraud detection},
  author={Syeda, Mubeena and Zhang, Yan-Qing and Pan, Yi},
  booktitle={Fuzzy Systems, 2002. FUZZ-IEEE'02. Proceedings of the 2002 IEEE International Conference on},
  volume={1},
  pages={572--577},
  year={2002},
  organization={IEEE}
}

@inproceedings{bentley2000fuzzy,
  title={Fuzzy darwinian detection of credit card fraud},
  author={Bentley, Peter J and Kim, Jungwon and Jung, Gil-Ho and Choi, Jong-Uk},
  booktitle={the 14th Annual Fall Symposium of the Korean Information Processing Society},
  volume={14},
  year={2000}
}

@article{estevez2006subscription,
  title={Subscription fraud prevention in telecommunications using fuzzy rules and neural networks},
  author={Est{\'e}vez, Pablo A and Held, Claudio M and Perez, Claudio A},
  journal={Expert Systems with Applications},
  volume={31},
  number={2},
  pages={337--344},
  year={2006},
  publisher={Elsevier}
}

@article{holland1975adaptation,
  title={Adaptation in natural and artificial systems: an introductory analysis with application to biology},
  author={Holland, John},
  journal={Control and artificial intelligence},
  year={1975},
  publisher={University of Michigan Press}
}

@article{hansen2007genetic,
  title={Genetic programming for prevention of cyberterrorism through dynamic and evolving intrusion detection},
  author={Hansen, James V and Lowry, Paul Benjamin and Meservy, Rayman D and McDonald, Daniel M},
  journal={Decision Support Systems},
  volume={43},
  number={4},
  pages={1362--1374},
  year={2007},
  publisher={Elsevier}
}

@article{duman2011detecting,
  title={Detecting credit card fraud by genetic algorithm and scatter search},
  author={Duman, Ekrem and Ozcelik, M Hamdi},
  journal={Expert Systems with Applications},
  volume={38},
  number={10},
  pages={13057--13063},
  year={2011},
  publisher={Elsevier}
}

@article{ramakalyani2012fraud,
  title={Fraud detection of credit card payment system by genetic algorithm},
  author={RamaKalyani, K and UmaDevi, D},
  journal={International Journal of Scientific \& Engineering Research},
  volume={3},
  number={7},
  pages={1--6},
  year={2012}
}

@inproceedings{iba1999using,
  title={Using genetic programming to predict financial data},
  author={Iba, Hitoshi and Sasaki, Takashi},
  booktitle={Evolutionary Computation, 1999. CEC 99. Proceedings of the 1999 Congress on},
  volume={1},
  pages={244--251},
  year={1999},
  organization={IEEE}
}

@book{han2011data,
  title={Data mining: concepts and techniques},
  author={Han, Jiawei and Pei, Jian and Kamber, Micheline},
  year={2011},
  publisher={Elsevier}
}

@article{yeh2009comparisons,
  title={The comparisons of data mining techniques for the predictive accuracy of probability of default of credit card clients},
  author={Yeh, I-Cheng and Lien, Che-hui},
  journal={Expert Systems with Applications},
  volume={36},
  number={2},
  pages={2473--2480},
  year={2009},
  publisher={Elsevier}
}

@article{kirkos2007data,
  title={Data mining techniques for the detection of fraudulent financial statements},
  author={Kirkos, Efstathios and Spathis, Charalambos and Manolopoulos, Yannis},
  journal={Expert systems with applications},
  volume={32},
  number={4},
  pages={995--1003},
  year={2007},
  publisher={Elsevier}
}

@article{green1997assessing,
  title={Assessing the risk of management fraud through neural network technology},
  author={Green, Brian Patrick and Choi, Jae Hwa},
  journal={Auditing},
  volume={16},
  number={1},
  pages={14},
  year={1997},
  publisher={American Accounting Association}
}

@article{cerullo1999using,
  title={Using neural networks to predict financial reporting fraud: Part 1},
  author={Cerullo, Michael J and Cerullo, Virginia},
  journal={Computer Fraud \& Security},
  volume={1999},
  number={5},
  pages={14--17},
  year={1999},
  publisher={Elsevier}
}

@article{fanning1998neural,
  title={Neural network detection of management fraud using published financial data},
  author={Fanning, Kurt M and Cogger, Kenneth O},
  journal={Intelligent Systems in Accounting, Finance \& Management},
  volume={7},
  number={1},
  pages={21--41},
  year={1998},
  publisher={Wiley Online Library}
}

@article{lin2003fuzzy,
  title={A fuzzy neural network for assessing the risk of fraudulent financial reporting},
  author={Lin, Jerry W and Hwang, Mark I and Becker, Jack D},
  journal={Managerial Auditing Journal},
  volume={18},
  number={8},
  pages={657--665},
  year={2003},
  publisher={MCB UP Ltd}
}

@article{hido2009roughly,
  title={Roughly balanced bagging for imbalanced data},
  author={Hido, Shohei and Kashima, Hisashi and Takahashi, Yutaka},
  journal={Statistical Analysis and Data Mining: The ASA Data Science Journal},
  volume={2},
  number={5-6},
  pages={412--426},
  year={2009},
  publisher={Wiley Online Library}
}

@article{garcia2009evolutionary,
  title={Evolutionary undersampling for classification with imbalanced datasets: Proposals and taxonomy},
  author={Garc{\'\i}a, Salvador and Herrera, Francisco},
  journal={Evolutionary computation},
  volume={17},
  number={3},
  pages={275--306},
  year={2009},
  publisher={MIT Press}
}

@article{chen2004using,
  title={Using random forest to learn imbalanced data},
  author={Chen, Chao and Liaw, Andy and Breiman, Leo},
  journal={University of California, Berkeley},
  volume={110},
  pages={1--12},
  year={2004}
}

@inproceedings{chen2005pruning,
  title={Pruning support vectors for imbalanced data classification},
  author={Chen, Xue-wen and Gerlach, Byron and Casasent, David},
  booktitle={Neural Networks, 2005. IJCNN'05. Proceedings. 2005 IEEE International Joint Conference on},
  volume={3},
  pages={1883--1888},
  year={2005},
  organization={IEEE}
}

@inproceedings{wang2006classification,
  title={Classification of imbalanced data by using the SMOTE algorithm and locally linear embedding},
  author={Wang, Juanjuan and Xu, Mantao and Wang, Hui and Zhang, Jiwu},
  booktitle={Signal Processing, 2006 8th International Conference on},
  volume={3},
  year={2006},
  organization={IEEE}
}

@article{hong2007kernel,
  title={A kernel-based two-class classifier for imbalanced data sets},
  author={Hong, Xia and Chen, Sheng and Harris, Chris J},
  journal={IEEE Transactions on neural networks},
  volume={18},
  number={1},
  pages={28--41},
  year={2007},
  publisher={IEEE}
}

@article{tang2009svms,
  title={SVMs modeling for highly imbalanced classification},
  author={Tang, Yuchun and Zhang, Yan-Qing and Chawla, Nitesh V and Krasser, Sven},
  journal={IEEE Transactions on Systems, Man, and Cybernetics, Part B (Cybernetics)},
  volume={39},
  number={1},
  pages={281--288},
  year={2009},
  publisher={IEEE}
}

@article{del2014use,
  title={On the use of MapReduce for imbalanced big data using Random Forest},
  author={Del R{\'\i}o, Sara and L{\'o}pez, Victoria and Ben{\'\i}tez, Jos{\'e} Manuel and Herrera, Francisco},
  journal={Information Sciences},
  volume={285},
  pages={112--137},
  year={2014},
  publisher={Elsevier}
}

@article{triguero2015rosefw,
  title={ROSEFW-RF: the winner algorithm for the ECBDL’14 big data competition: an extremely imbalanced big data bioinformatics problem},
  author={Triguero, Isaac and del R{\'\i}o, Sara and L{\'o}pez, Victoria and Bacardit, Jaume and Ben{\'\i}tez, Jos{\'e} M and Herrera, Francisco},
  journal={Knowledge-Based Systems},
  volume={87},
  pages={69--79},
  year={2015},
  publisher={Elsevier}
}

@inproceedings{triguero2015evolutionary,
  title={Evolutionary undersampling for imbalanced big data classification},
  author={Triguero, Isaac and Galar, Mikel and Vluymans, Sarah and Cornelis, Chris and Bustince, Humberto and Herrera, Francisco and Saeys, Yvan},
  booktitle={Evolutionary Computation (CEC), 2015 IEEE Congress on},
  pages={715--722},
  year={2015},
  organization={IEEE}
}

@article{fernandez2017insight,
  title={An insight into imbalanced Big Data classification: outcomes and challenges},
  author={Fern{\'a}ndez, Alberto and del R{\'\i}o, Sara and Chawla, Nitesh V and Herrera, Francisco},
  journal={Complex \& Intelligent Systems},
  volume={3},
  number={2},
  pages={105--120},
  year={2017},
  publisher={Springer}
}

@article{krawczyk2016learning,
  title={Learning from imbalanced data: open challenges and future directions},
  author={Krawczyk, Bartosz},
  journal={Progress in Artificial Intelligence},
  volume={5},
  number={4},
  pages={221--232},
  year={2016},
  publisher={Springer}
}

@article{galar2012review,
  title={A review on ensembles for the class imbalance problem: bagging-, boosting-, and hybrid-based approaches},
  author={Galar, Mikel and Fernandez, Alberto and Barrenechea, Edurne and Bustince, Humberto and Herrera, Francisco},
  journal={IEEE Transactions on Systems, Man, and Cybernetics, Part C (Applications and Reviews)},
  volume={42},
  number={4},
  pages={463--484},
  year={2012},
  publisher={IEEE}
}


@book{miner2012mapreduce,
  title={MapReduce design patterns: building effective algorithms and analytics for Hadoop and other systems},
  author={Miner, Donald and Shook, Adam},
  year={2012},
  publisher={" O'Reilly Media, Inc."}
}

@article{breiman2001random,
  title={Random forests},
  author={Breiman, Leo},
  journal={Machine learning},
  volume={45},
  number={1},
  pages={5--32},
  year={2001},
  publisher={Springer}
}

@inproceedings{latouche2015graphs,
  title={Graphs in machine learning: an introduction},
  author={Latouche, Pierre and Rossi, Fabrice},
  booktitle={European Symposium on Artificial Neural Networks, Computational Intelligence and Machine Learning (ESANN), Proceedings of the 23-th European Symposium on Artificial Neural Networks, Computational Intelligence and Machine Learning (ESANN 2015)},
  pages={207--218},
  year={2015}
}

@article{tran2012application,
  title={Application of three graph Laplacian based semi-supervised learning methods to protein function prediction problem},
  author={Tran, Loc},
  journal={arXiv preprint arXiv:1211.4289},
  year={2012}
}

@article{goldstein2016comparative,
  title={A comparative evaluation of unsupervised anomaly detection algorithms for multivariate data},
  author={Goldstein, Markus and Uchida, Seiichi},
  journal={PloS one},
  volume={11},
  number={4},
  pages={e0152173},
  year={2016},
  publisher={Public Library of Science}
}

@article{nune2015novel,
  title={Novel Artificial Neural Networks and Logistic Approach for Detecting Credit Card Deceit},
  author={Nune, Ganesh Kumar and Sena, P Vasanth},
  journal={International Journal of Computer Science and Network Security (IJCSNS)},
  volume={15},
  number={9},
  pages={21},
  year={2015},
  publisher={International Journal of Computer Science and Network Security}
}

@article{shin2007graph,
  title={Graph sharpening plus graph integration: a synergy that improves protein functional classification},
  author={Shin, Hyunjung and Lisewski, Andreas Martin and Lichtarge, Olivier},
  journal={Bioinformatics},
  volume={23},
  number={23},
  pages={3217--3224},
  year={2007},
  publisher={Oxford University Press}
}

@article{tran2015normalized,
  title={Un-normalized graph p-Laplacian semi-supervised learning method applied to cancer classification problem},
  author={Tran, Loc Hoang and Tran, Linh Hoang},
  journal={Journal of Automation and Control Engineering Vol},
  volume={3},
  number={1},
  year={2015}
}

@article{tran2017normalized,
  title={The Un-normalized Graph p-Laplacian based Semi-supervised Learning Method and Speech Recognition Problem},
  author={Tran, Loc and Tran, Linh},
  journal={International Journal of Advances in Soft Computing \& Its Applications},
  volume={9},
  number={1},
  year={2017}
}

@article{yen2009cluster,
  title={Cluster-based under-sampling approaches for imbalanced data distributions},
  author={Yen, Show-Jane and Lee, Yue-Shi},
  journal={Expert Systems with Applications},
  volume={36},
  number={3},
  pages={5718--5727},
  year={2009},
  publisher={Elsevier}
}
